
@article{arcones_bootstrap_1992,
  title   = {On the {Bootstrap} of {U} and {V} {Statistics}},
  volume  = {20},
  doi     = {10.1214/aos/1176348650},
  number  = {2},
  journal = {The Annals of Statistics},
  author  = {Arcones, Miguel A. and Gine, Evarist},
  month   = jun,
  year    = {1992},
  pages   = {655--674}
}

@article{arvesen_jackknifing_1969,
  title   = {Jackknifing {U}-{Statistics}},
  volume  = {40},
  doi     = {10.1214/aoms/1177697287},
  number  = {6},
  journal = {The Annals of Mathematical Statistics},
  author  = {Arvesen, James N.},
  month   = dec,
  year    = {1969},
  pages   = {2076--2100}
}

@article{biau_layered_2010,
  title   = {On the layered nearest neighbour estimate, the bagged nearest neighbour estimate and the random forest method in regression and classification},
  volume  = {101},
  doi     = {10.1016/j.jmva.2010.06.019},
  number  = {10},
  journal = {Journal of Multivariate Analysis},
  author  = {Biau, Gérard and Devroye, Luc},
  month   = nov,
  year    = {2010},
  pages   = {2499--2518}
}

@book{biau_lectures_2015,
  series    = {Springer {Series} in the {Data} {Sciences}},
  title     = {Lectures on the {Nearest} {Neighbor} {Method}},
  publisher = {Springer International Publishing},
  author    = {Biau, Gérard and Devroye, Luc},
  year      = {2015},
  doi       = {10.1007/978-3-319-25388-6}
}

@article{biau_rate_2010,
  title   = {On the {Rate} of {Convergence} of the {Bagged} {Nearest} {Neighbor} {Estimate}},
  volume  = {11},
  journal = {The Journal of Machine Learning Research},
  author  = {Biau, Gérard and Guyader, Arnaud},
  month   = mar,
  year    = {2010},
  pages   = {687--712}
}

@book{breiman_classification_2017,
  address   = {New York},
  title     = {Classification and {Regression} {Trees}},
  isbn      = {978-1-315-13947-0},
  publisher = {Chapman and Hall/CRC},
  author    = {Breiman, Leo and Friedman, Jerome and Olshen, R. A. and Stone, Charles J.},
  month     = oct,
  year      = {2017},
  doi       = {10.1201/9781315139470}
}

@article{breiman_random_2001,
  title   = {Random {Forests}},
  volume  = {45},
  doi     = {10.1023/A:1010933404324},
  number  = {1},
  journal = {Machine Learning},
  author  = {Breiman, Leo},
  month   = oct,
  year    = {2001},
  pages   = {5--32}
}

@misc{chen_mostly_2021,
  title     = {Mostly {Harmless} {Machine} {Learning}: {Learning} {Optimal} {Instruments} in {Linear} {IV} {Models}},
  doi       = {10.48550/arXiv.2011.06158},
  publisher = {arXiv},
  author    = {Chen, Jiafeng and Chen, Daniel L. and Lewis, Greg},
  month     = jun,
  year      = {2021}
}

@article{chen_randomized_2019,
  title   = {Randomized incomplete \${U}\$-statistics in high dimensions},
  volume  = {47},
  doi     = {10.1214/18-AOS1773},
  number  = {6},
  journal = {The Annals of Statistics},
  author  = {Chen, Xiaohui and Kato, Kengo},
  month   = dec,
  year    = {2019},
  pages   = {3127--3156}
}

@article{chernozhukov_doubledebiased_2018,
  title   = {Double/debiased machine learning for treatment and structural parameters},
  volume  = {21},
  doi     = {10.1111/ectj.12097},
  number  = {1},
  journal = {The Econometrics Journal},
  author  = {Chernozhukov, Victor and Chetverikov, Denis and Demirer, Mert and Duflo, Esther and Hansen, Christian and Newey, Whitney and Robins, James},
  month   = feb,
  year    = {2018},
  pages   = {C1--C68}
}

@article{chernozhukov_simple_2022,
  title   = {A simple and general debiased machine learning theorem with finite-sample guarantees},
  volume  = {110},
  doi     = {10.1093/biomet/asac033},
  number  = {1},
  journal = {Biometrika},
  author  = {Chernozhukov, V and Newey, W K and Singh, R},
  month   = jun,
  year    = {2022},
  pages   = {257--264}
}

@article{demirkaya_optimal_2024,
  title   = {Optimal {Nonparametric} {Inference} with {Two}-{Scale} {Distributional} {Nearest} {Neighbors}},
  volume  = {119},
  doi     = {10.1080/01621459.2022.2115375},
  number  = {545},
  journal = {Journal of the American Statistical Association},
  author  = {Demirkaya, Emre and Fan, Yingying and Gao, Lan and Lv, Jinchi and Vossler, Patrick and Wang, Jingbo},
  month   = jan,
  year    = {2024},
  pages   = {297--307}
}

@book{durrett_probability_2019,
  title     = {Probability: {Theory} and {Examples}},
  isbn      = {978-1-108-47368-2},
  publisher = {Cambridge University Press},
  author    = {Durrett, Richard and Durrett, Rick},
  month     = apr,
  year      = {2019}
}

@article{hoeffding_class_1948,
  title   = {A {Class} of {Statistics} with {Asymptotically} {Normal} {Distribution}},
  volume  = {19},
  doi     = {10.1214/aoms/1177730196},
  number  = {3},
  journal = {The Annals of Mathematical Statistics},
  author  = {Hoeffding, Wassily},
  month   = sep,
  year    = {1948},
  pages   = {293--325}
}

@article{hu_strong_1997,
  title   = {On the strong law for arrays and for the bootstrap mean and variance},
  volume  = {20},
  doi     = {10.1155/S0161171297000483},
  number  = {2},
  journal = {International Journal of Mathematics and Mathematical Sciences},
  author  = {Hu, Tien-Chung and Taylor, R. L.},
  year    = {1997},
  pages   = {329234}
}

@book{koroljuk_theory_1994,
  series    = {Mathematics and {Its} {Applications}},
  title     = {Theory of {U}-{Statistics}},
  isbn      = {978-94-017-3515-5},
  number    = {273},
  publisher = {Springer Netherlands},
  author    = {Koroljuk, V. S. and Borovskikh, Yu. V.},
  year      = {1994},
  doi       = {10.1007/978-94-017-3515-5}
}

@book{lee_u-statistics_2019,
  address    = {New York},
  title      = {U-{Statistics}: {Theory} and {Practice}},
  isbn       = {978-0-203-73452-0},
  shorttitle = {U-{Statistics}},
  publisher  = {Routledge},
  author     = {Lee, A. J.},
  month      = mar,
  year       = {2019},
  doi        = {10.1201/9780203734520}
}

@article{lin_random_2006,
  title   = {Random {Forests} and {Adaptive} {Nearest} {Neighbors}},
  volume  = {101},
  doi     = {10.1198/016214505000001230},
  number  = {474},
  journal = {Journal of the American Statistical Association},
  author  = {Lin, Yi and Jeon, Yongho},
  month   = jun,
  year    = {2006},
  pages   = {578--590}
}

@article{ouimet_general_2021,
  title   = {General {Formulas} for the {Central} and {Non}-{Central} {Moments} of the {Multinomial} {Distribution}},
  volume  = {4},
  doi     = {10.3390/stats4010002},
  number  = {1},
  journal = {Stats},
  author  = {Ouimet, Frédéric},
  month   = mar,
  year    = {2021},
  pages   = {18--27}
}

@misc{peng_bias_2021,
  title     = {Bias, {Consistency}, and {Alternative} {Perspectives} of the {Infinitesimal} {Jackknife}},
  doi       = {10.48550/arXiv.2106.05918},
  publisher = {arXiv},
  author    = {Peng, Wei and Mentch, Lucas and Stefanski, Leonard},
  month     = jun,
  year      = {2021},
  note      = {arXiv:2106.05918 [math, stat]}
}

@article{peng_rates_2022,
  title   = {Rates of convergence for random forests via generalized {U}-statistics},
  volume  = {16},
  doi     = {10.1214/21-EJS1958},
  number  = {1},
  journal = {Electronic Journal of Statistics},
  author  = {Peng, Wei and Coleman, Tim and Mentch, Lucas},
  month   = jan,
  year    = {2022},
  pages   = {232--292}
}

@book{politis_subsampling_1999,
  address   = {New York, NY},
  series    = {Springer {Series} in {Statistics}},
  title     = {Subsampling},
  isbn      = {978-1-4612-7190-1 978-1-4612-1554-7},
  publisher = {Springer},
  author    = {Politis, Dimitris N. and Romano, Joseph P. and Wolf, Michael},
  year      = {1999},
  doi       = {10.1007/978-1-4612-1554-7}
}

@misc{ritzwoller_simultaneous_2024,
  title     = {Simultaneous {Inference} for {Local} {Structural} {Parameters} with {Random} {Forests}},
  doi       = {10.48550/arXiv.2405.07860},
  publisher = {arXiv},
  author    = {Ritzwoller, David M. and Syrgkanis, Vasilis},
  month     = sep,
  year      = {2024}
}

@misc{ritzwoller_uniform_2024,
  title     = {Uniform {Inference} for {Subsampled} {Moment} {Regression}},
  doi       = {10.48550/arXiv.2405.07860},
  publisher = {arXiv},
  author    = {Ritzwoller, David M. and Syrgkanis, Vasilis},
  month     = may,
  year      = {2024}
}

@article{semenova_debiased_2021,
  title    = {Debiased machine learning of conditional average treatment effects and other causal functions},
  volume   = {24},
  doi      = {10.1093/ectj/utaa027},
  language = {en},
  number   = {2},
  journal  = {The Econometrics Journal},
  author   = {Semenova, Vira and Chernozhukov, Victor},
  month    = jun,
  year     = {2021},
  pages    = {264--289}
}

@article{shao_general_1989,
  title   = {A {General} {Theory} for {Jackknife} {Variance} {Estimation}},
  volume  = {17},
  doi     = {10.1214/aos/1176347263},
  number  = {3},
  journal = {The Annals of Statistics},
  author  = {Shao, Jun and Wu, C. F. J.},
  month   = sep,
  year    = {1989},
  pages   = {1176--1197}
}

@article{song_approximating_2019,
  title   = {Approximating high-dimensional infinite-order \${U}\$-statistics: {Statistical} and computational guarantees},
  volume  = {13},
  doi     = {10.1214/19-EJS1643},
  number  = {2},
  journal = {Electronic Journal of Statistics},
  author  = {Song, Yanglei and Chen, Xiaohui and Kato, Kengo},
  month   = jan,
  year    = {2019},
  pages   = {4794--4848}
}

@article{steele_exact_2009,
  title   = {Exact bootstrap k-nearest neighbor learners},
  volume  = {74},
  doi     = {10.1007/s10994-008-5096-0},
  number  = {3},
  journal = {Machine Learning},
  author  = {Steele, Brian M.},
  month   = mar,
  year    = {2009},
  pages   = {235--255}
}

@article{wager_estimation_2018,
  title    = {Estimation and {Inference} of {Heterogeneous} {Treatment} {Effects} using {Random} {Forests}},
  volume   = {113},
  doi      = {10.1080/01621459.2017.1319839},
  abstract = {Many scientific and engineering challenges—ranging from personalized medicine to customized marketing recommendations—require an understanding of treatment effect heterogeneity. In this article, we develop a nonparametric causal forest for estimating heterogeneous treatment effects that extends Breiman’s widely used random forest algorithm. In the potential outcomes framework with unconfoundedness, we show that causal forests are pointwise consistent for the true treatment effect and have an asymptotically Gaussian and centered sampling distribution. We also discuss a practical method for constructing asymptotic confidence intervals for the true treatment effect that are centered at the causal forest estimates. Our theoretical results rely on a generic Gaussian theory for a large family of random forest algorithms. To our knowledge, this is the first set of results that allows any type of random forest, including classification and regression forests, to be used for provably valid statistical inference. In experiments, we find causal forests to be substantially more powerful than classical methods based on nearest-neighbor matching, especially in the presence of irrelevant covariates.},
  number   = {523},
  urldate  = {2024-06-16},
  journal  = {Journal of the American Statistical Association},
  author   = {Wager, Stefan and Athey, Susan},
  month    = jul,
  year     = {2018},
  note     = {Publisher: Taylor \& Francis},
  pages    = {1228--1242}
}

@article{wager2014confidence,
  title   = {Confidence intervals for random forests: The jackknife and the infinitesimal jackknife},
  author  = {Wager, Stefan and Hastie, Trevor and Efron, Bradley},
  journal = {The journal of machine learning research},
  volume  = {15},
  number  = {1},
  pages   = {1625--1651},
  year    = {2014}
}
